@inproceedings{dosovitskiy17,
  title = {{CARLA}: {An} Open Urban Driving Simulator},
  author = {Alexey Dosovitskiy and German Ros and Felipe Codevilla and Antonio Lopez and Vladlen Koltun},
  booktitle = {Proceedings of the 1st Annual Conference on Robot Learning},
  pages = {1--16},
  year = {2017}
}

@ARTICLE{beslmckay121791, 
  author={P. J. {Besl} and N. D. {McKay}}, 
  journal={IEEE Transactions on Pattern Analysis and Machine Intelligence}, 
  title={A method for registration of 3-D shapes}, 
  year={1992}, 
  volume={14}, 
  number={2}, 
  pages={239-256}, 
  keywords={computational geometry;convergence of numerical methods;iterative methods;optimisation;pattern recognition;picture processing;3D shape registration;pattern recognition;point set registration;iterative closest point;geometric entity;mean-square distance metric;convergence;geometric model;Solid modeling;Motion estimation;Iterative closest point algorithm;Iterative algorithms;Testing;Inspection;Shape measurement;Iterative methods;Convergence;Quaternions}, 
  doi={10.1109/34.121791}, 
  ISSN={0162-8828}, 
  month={Feb},
}

@MISC{logo:carla,
    author = {{Carla team}},
    title = {Carla logo},
    note = {[Online; accessed June 27, 2019]},
    url = {http://carla.org//img/logo/carla-black-m.png}
}

@MISC{logo:apollo,
    author = {Apollo team},
    title = {Apollo logo},
    note = {[Online; accessed June 27, 2019]},
    url = {https://github.com/ApolloAuto/apollo/blob/master/docs/demo_guide/images/Apollo_logo.png}
}

@MISC{logo:avsimulation,
    author = {AVSimulation team},
    title = {Apollo logo},
    note = {[Online; accessed June 27, 2019]},
    url = {https://www.avsimulation.fr/wp-content/uploads/2018/07/avsimulation_logo_couleurs_flat.jpg}
}

@MISC{logo:rfpro,
    author = {RFPro team},
    title = {RFPro logo},
    note = {[Online; accessed June 27, 2019]},
    url = {http://www.rfpro.com/wp-content/uploads/logo.svg}
}

@MISC{carla:sensors,
    author = {Carla team},
    title = {Carla logo},
    note = {[Online; accessed June 27, 2019]},
    url = {https://carla.readthedocs.io/en/latest/cameras_and_sensors/}
}

@MISC{cloud:katedrala,
    author = {Dorit {Borrmann} and Helge {Lauterbach} and Sven {Jörissen} and Marija {Sedar}},
    title = {Oblak točaka katedrale u Zagrebu},
    note = {[Online; accessed June 27, 2019]},
    url = {http://kos.informatik.uni-osnabrueck.de/3Dscans/zagreb_square.jpg}
}

@misc{apa,
   author = "Auawise",
   title = "{Aircraft principal axes} --- {W}ikipedia{,} The Free Encyclopedia",
   year = "2019",
   note = "[Online; June 27, 2019]",
   url = {http://en.wikipedia.org/w/index.php?title=Aircraft\%20principal\%20axes&oldid=893800101}
 }

@misc{lidar_arch,
    author = {Unknown},
    title = {Arhitektura Velodyne lidar uređaja},
    note = {[Online; accessed June 27, 2019]},
    url = {https://www.renishaw.com/media/img/en/d5f2c0bc53c2419d850b1b979662efe5.jpg}
}

@misc{logo:pcl,
   author = "pointclouds.org",
   title = "PointClouds library logo",
   year = "2012",
   note = "[Online; June 27, 2019]",
   url = {http://pointclouds.org/assets/images/contents/logos/pcl/pcl_vert_large_pos.png}
 }

@misc{wiki:Quaternion,
   author = "Wikipedia",
   title = "{Quaternion} --- {W}ikipedia{,} The Free Encyclopedia",
   year = "2019",
   url = {http://en.wikipedia.org/w/index.php?title=Quaternion&oldid=902089865},
   note = "[Online; accessed 30-June-2019]"
 }

@misc{wiki:Rotation_matrix,
   author = "Wikipedia",
   title = "{Rotation matrix} --- {W}ikipedia{,} The Free Encyclopedia",
   year = "2019",
   url = {http://en.wikipedia.org/w/index.php?title=Rotation\%20matrix&oldid=902636794},
   note = "[Online; accessed 30-June-2019]"
 }

@misc{pcl:voxelgrid,
   author = "pointclouds.org",
   title = "{Voxelgrid}",
   year = "2019",
   url = {http://pointclouds.org/documentation/tutorials/voxel_grid.php},
   note = "[Online; accessed 30-June-2019]"
 }

@misc{wiki:Iterative_closest_point,
   author = "Wikipedia",
   title = "{Iterative closest point} --- {W}ikipedia{,} The Free Encyclopedia",
   year = "2019",
   url = {http://en.wikipedia.org/w/index.php?title=Iterative\%20closest\%20point&oldid=883902437},
   note = "[Online; accessed 30-June-2019]"
 }

 @misc{wiki:Centroid,
   author = "Wikipedia",
   title = "{Centroid} --- {W}ikipedia{,} The Free Encyclopedia",
   year = "2019",
   howpublished = {\url{http://en.wikipedia.org/w/index.php?title=Centroid&oldid=902707668}},
   note = "[Online; accessed 30-June-2019]"
 }

 @misc{boost,
  author = {Rene {Rivera}},
  title = {Boost},
  url = {https://www.boost.org/},
  version = {1.70.0},
  date = {2019-06-30},
}

 @misc{pcl,
  author = {Various - open source},
  title = {Point Cloud Library},
  url = {https://www.boost.org/},
  version = {1.9.1},
  date = {2019-06-30},
}

@misc{wiki:Simultaneous_localization_and_mapping,
   author = "Wikipedia",
   title = "{Simultaneous localization and mapping} --- {W}ikipedia{,} The Free Encyclopedia",
   year = "2019",
   howpublished = {\url{http://en.wikipedia.org/w/index.php?title=Simultaneous\%20localization\%20and\%20mapping&oldid=899236843}},
   note = "[Online; accessed 01-July-2019]"
 }